@ARTICLE{LATENCY,
  author={M. {Wollschlaeger} and T. {Sauter} and J. {Jasperneite}},
  journal={IEEE Industrial Electronics Magazine}, 
  title={The Future of Industrial Communication: Automation Networks in the Era of the Internet of Things and Industry 4.0}, 
  year={2017},
  volume={11},
  number={1},
  pages={17-27},}
@ARTICLE{ULL,
  author={A. {Nasrallah} and A. S. {Thyagaturu} and Z. {Alharbi} and C. {Wang} and X. {Shao} and M. {Reisslein} and H. {ElBakoury}},
  journal={IEEE Communications Surveys   Tutorials}, 
  title={Ultra-Low Latency (ULL) Networks: The IEEE TSN and IETF DetNet Standards and Related 5G ULL Research}, 
  year={2019},
  volume={21},
  number={1},
  pages={88-145},}
@misc{TSN, title={Time-Sensitive Networking (TSN) Task Group}, url={https://1.ieee802.org/tsn/}, journal={IEEE 802.1}}

@inproceedings{ML,
author = {Mai, Tieu and Navet, Nicolas and Migge, Jörn},
year = {2019},
month = {11},
pages = {143-153},
title = {On the use of supervised machine learning for assessing schedulability: application to ethernet TSN},
isbn = {978-1-4503-7223-7},
journal = {RTNS '19: Proceedings of the 27th International Conference on Real-Time Networks and Systems},
doi = {10.1145/3356401.3356409}
}

@article{8, title={An Algorithmic Toolbox for Network Calculus}, volume={18}, DOI={10.1007/s10626-007-0028-x}, number={1}, journal={Discrete Event Dynamic Systems}, author={Bouillard, Anne and Thierry, Éric}, year={2007}, pages={3–49}}
@article{9,
author = {Boyer, Marc and Migge, Jörn and Navet, Nicolas},
year = {2011},
month = {11},
pages = {},
title = {An efficient and simple class of functions to model arrival curve of packetised flows},
doi = {10.1145/2071589.2071595}
}
@INPROCEEDINGS{37,  author={R. {Queck}},  booktitle={2012 IEEE International Conference on Vehicular Electronics and Safety (ICVES 2012)},   title={Analysis of Ethernet AVB for automotive networks using Network Calculus},   year={2012},  volume={},  number={},  pages={61-67},}
@article{GINI,
author = {Farris, Frank},
year = {2010},
month = {12},
pages = {851-864},
title = {The Gini Index and Measures of Inequality},
volume = {117},
journal = {American Mathematical Monthly},
doi = {10.4169/000298910X523344}
}

@INPROCEEDINGS{NC,  author={L. {Zhao} and P. {Pop} and Z. {Zheng} and Q. {Li}},  booktitle={2018 IEEE Real-Time and Embedded Technology and Applications Symposium (RTAS)},   title={Timing Analysis of AVB Traffic in TSN Networks Using Network Calculus},   year={2018},  volume={},  number={},  pages={25-36},}
@article{NCCOMPARE,
author = {Laursen, Sune M\o{}lgaard and Pop, Paul and Steiner, Wilfried},
title = {Routing Optimization of AVB Streams in TSN Networks},
year = {2016},
issue_date = {September 2016},
publisher = {Association for Computing Machinery},
address = {New York, NY, USA},
volume = {13},
number = {4},
url = {https://doi.org/10.1145/3015037.3015044},
doi = {10.1145/3015037.3015044},
journal = {SIGBED Rev.},
month = nov,
pages = {43–48},
numpages = {6}
}
  
@INPROCEEDINGS{CPA,  author={J. {Diemer} and D. {Thiele} and R. {Ernst}},  booktitle={7th IEEE International Symposium on Industrial Embedded Systems (SIES'12)},   title={Formal worst-case timing analysis of Ethernet topologies with strict-priority and AVB switching},   year={2012},  volume={},  number={},  pages={1-10},}
@ARTICLE{IEEE802.1Qav,  author={},  journal={IEEE Std 802.1Qav-2009 (Amendment to IEEE Std 802.1Q-2005)},   title={IEEE Standard for Local and Metropolitan Area Networks - Virtual Bridged Local Area Networks Amendment 12: Forwarding and Queuing Enhancements for Time-Sensitive Streams},   year={2010},  volume={},  number={},  pages={C1-72},}
@ARTICLE{IEEE802.1Qbv,  author={},  journal={IEEE Std 802.1Qbv-2015 (Amendment to IEEE Std 802.1Q-2014 as amended by IEEE Std 802.1Qca-2015, IEEE Std 802.1Qcd-2015, and IEEE Std 802.1Q-2014/Cor 1-2015)},   title={IEEE Standard for Local and metropolitan area networks -- Bridges and Bridged Networks - Amendment 25: Enhancements for Scheduled Traffic},   year={2016},  volume={},  number={},  pages={1-57},}
@ARTICLE{IEEE802.1Qbu,  author={},  journal={IEEE Std 802.1Qbu-2016 (Amendment to IEEE Std 802.1Q-2014)},   title={IEEE Standard for Local and metropolitan area networks -- Bridges and Bridged Networks -- Amendment 26: Frame Preemption},   year={2016},  volume={},  number={},  pages={1-52},}
@ARTICLE{IEEE802.1AS,  author={},  journal={IEEE P802.1AS/D7.7, November 2010},   title={IEEE Draft Standard for Local and Metropolitan Area Networks - Timing and Synchronization for Time-Sensitive Applications in Bridged Local Area Networks},   year={2010},  volume={},  number={},  pages={1-296},}
@techreport{NCBackground,
     title = {{Network Calculus: A Comprehensive Guide}},
     author = {Amaury Van Bemten and Wolfgang Kellerer},
	 number = {201603},
	 day = {08},
     year = {2016},
     institution = {Chair of Communication Networks, Technische Universitat Munchen},
     month = {October},
	 url={https://mediatum.ub.tum.de/doc/1328613/1328613.pdf}
}